@ARTICLE{2015arXiv150200046K,
	author = {{King}, D.~E.},
	title = "{Max-Margin Object Detection}",
	journal = {ArXiv e-prints},
	archivePrefix = "arXiv",
	eprint = {1502.00046},
	primaryClass = "cs.CV",
	keywords = {Computer Science - Computer Vision and Pattern Recognition},
	year = 2015,
	month = jan,
	adsurl = {http://adsabs.harvard.edu/abs/2015arXiv150200046K},
	adsnote = {Provided by the SAO/NASA Astrophysics Data System}
}
